@article{hinton12,
    author={A. Krizhevsky and I. Sutskever and G. E. Hinton},
    title={ImageNet classification with deep convolutional neural networks},
    journal={Communications of the ACM},
    volume={60},
    year=2012,
    pages={84-90}
}

@online{knnic,
    author={Adrian Rosebrock},
    title={k-NN classifier for image classification},
    year=2016,
    url={https://www.pyimagesearch.com/2016/08/08/k-nn-classifier-for-image-classification},
    urldate={2016-08-08}
}
